@misc{EN50128,
 	author={CENELEC},
 	title={{EN50128} Railway applications - Communication, signalling and processing systems - Software for railway control and protection systems},
 	year={2011},
 	month={June}
}

@misc{EN50126,
 	author={CENELEC},
 	title={{EN50126} Railway applications - The specification and demonstration of Reliability, Availability, Maintainability and Safety (RAMS)},
 	year={2000},
 	month={March}
}

@misc{EN50129,
 	author={CENELEC},
 	title={{EN50129} Railway applications - Communication, signalling and processing systems - Safety related electronic systems for signalling},
 	year={2003},
 	month={December}
}

@misc{EN61508,
 	author={CENELEC},
 	title={{EN61508} Functional safety of electrical/electronic/programmable electronic safety-related systems},
 	year={2010},
 	month={December}
}

@misc{200857EC,
 	author={European Commission},
 	title={{2008/57/EC} - Interoperability Directive},
 	year={2008},
 	month={June}
}

@misc{201118EU,
 	author={European Commission},
 	title={{2011/18/EU} - Interoperability Directive},
 	year={2011},
 	month={March},
 	note={change of annexes}
}

@misc{201288EU,
 	author={European Commission},
 	title={{20012/88/EU} - {TSI CCS} Commission Decision of 25 January 2012 on the technical specification for interoperability relating to the control-command and signalling subsystems of the trans-European rail system},
 	year={2011},
 	month={March},
}

@book{pichler2010,
	author={Roman Pichler},
	title={Agile Productmanagement with Scrum},
	isbn={978-0321605788},
	publisher={Addison-Wesley},
	year={2010}
}

@book{schwaber2008,
	author={Ken Schwaber and Mike Beedle},
	title={Agile Software Development with Scrum},
	publisher={Prentice Hall},
	isbn={978-0130676344},
	year={2002}
}

@book{monin2008,
	author={Jean-Francois Monin},
	title={Understanding Formal Methods},
	publisher={Springer},
	isbn={978-1852332471},
	year={2008}
}

@misc{fpp,
	author={{openETCS} Projekt Team},
	title={{openETCS} Full Project Proposal},
	year={2012}
}

@misc{subset026,
 	author={ERTMS},
 	title={{UNISIG} Subset 026, System requirements Specification - Baseline 3},
 	year={2010},
 	month={January},
}
	
@misc{subset036,
 	author={ERTMS},
 	title={{UNISIG} Subset 036, FFFIS for Eurobalise},
 	year={2010},
 	month={January},
}

@misc{subset076,
 	author={ERTMS},
 	title={{UNISIG} Subset 076}

}

